<?xml version="1.0" encoding="UTF-8"?>
<record xmlns="http://www.loc.gov/MARC21/slim" xmlns:xsi="http://www.w3.org/2001/XMLSchema-instance" xsi:schemaLocation="http://www.loc.gov/MARC21/slim http://www.loc.gov/standards/marcxml/schema/MARC21slim.xsd">
<leader>     nam a22002531  4500</leader>
<controlfield tag="001">001701074</controlfield>
<controlfield tag="003">NNU</controlfield>
<controlfield tag="005">20010214212245.0</controlfield>
<controlfield tag="008">890401s1913    le a     b    000 0 ara d</controlfield>
<datafield tag="010" ind1=" " ind2=" ">
<subfield code="a">ne 68003523</subfield>
</datafield>
<datafield tag="035" ind1="9" ind2=" ">
<subfield code="a">NYUb12249671</subfield>
</datafield>
<datafield tag="035" ind1=" " ind2=" ">
<subfield code="a">(MiU)notisAFG6938</subfield>
</datafield>
<datafield tag="035" ind1=" " ind2=" ">
<subfield code="a">(CStRLIN)MIUGAFG6938-B</subfield>
</datafield>
<datafield tag="040" ind1=" " ind2=" ">
<subfield code="c">CarP</subfield>
</datafield>
<datafield tag="050" ind1="0" ind2=" ">
<subfield code="a">DS89.S5</subfield>
<subfield code="b">Z38 (Orien Arab)</subfield>
</datafield>
<datafield tag="100" ind1="1" ind2=" ">
<subfield code="a">Zayn, Aḥmad ʻĀrif.</subfield>
</datafield>
<datafield tag="245" ind1="1" ind2="0">
<subfield code="a">Tārīkh Ṣaydā :</subfield>
<subfield code="b">yaḥwī tārīkhuhā wa-sāʼir shuʼūnihā mundhu ʻumrānihā ilá waqtinā al-ḥāḍir /</subfield>
<subfield code="c">li-Aḥmad ʻĀrif al-Zayn.</subfield>
</datafield>
<datafield tag="260" ind1=" " ind2=" ">
<subfield code="a">Ṣaydā :</subfield>
<subfield code="b">Maṭbaʻat al-ʻIrfān,</subfield>
<subfield code="c">1913.</subfield>
</datafield>
<datafield tag="300" ind1=" " ind2=" ">
<subfield code="a">176 p.</subfield>
<subfield code="b">illus.</subfield>
<subfield code="c">25 cm.</subfield>
</datafield>
<datafield tag="500" ind1=" " ind2=" ">
<subfield code="a">Romanized.</subfield>
</datafield>
<datafield tag="504" ind1=" " ind2=" ">
<subfield code="a">Bibliography: p. 4.</subfield>
</datafield>
<datafield tag="651" ind1=" " ind2="0">
<subfield code="a">Sidon (Lebanon)</subfield>
<subfield code="x">History.</subfield>
</datafield>
<datafield tag="OWN" ind1=" " ind2=" ">
<subfield code="a">GENERAL</subfield>
</datafield>
<datafield tag="950" ind1=" " ind2=" ">
<subfield code="l">BMAIN</subfield>
<subfield code="a">DS89.S5</subfield>
<subfield code="b">Z38</subfield>
</datafield>
<datafield tag="955" ind1=" " ind2=" ">
<subfield code="l">BMAIN</subfield>
<subfield code="c">1</subfield>
<subfield code="r">015365425</subfield>
</datafield>
<datafield tag="998" ind1=" " ind2=" ">
<subfield code="s">9665</subfield>
</datafield>
<datafield tag="AVA" ind1=" " ind2=" ">
<subfield code="a">NYU50</subfield>
<subfield code="b">BOBST</subfield>
<subfield code="c">Main Collection</subfield>
<subfield code="d">DS89.S5 Z38</subfield>
<subfield code="e">unavailable</subfield>
<subfield code="t">Unavailable</subfield>
<subfield code="f">1</subfield>
<subfield code="g">1</subfield>
<subfield code="h">N</subfield>
<subfield code="i">0</subfield>
<subfield code="j">MAIN</subfield>
<subfield code="k">0</subfield>
</datafield>
</record>
